@article{gonen11a,
 author = {G\"{o}nen, Mehmet and Alpayd\in, Ethem},
 title = {Multiple Kernel Learning Algorithms},
 journal = {J. Mach. Learn. Res.},
 issue_date = {2/1/2011},
 volume = {12},
 month = jul,
 year = {2011},
 issn = {1532-4435},
 pages = {2211--2268},
 numpages = {58},
 url = {http://dl.acm.org/citation.cfm?id=1953048.2021071},
 acmid = {2021071},
 publisher = {JMLR.org},
}
